@article{fantzFranckCondonFactors2006,
  title = {Franck\textendash{{Condon}} Factors, Transition Probabilities, and Radiative Lifetimes for Hydrogen Molecules and Their Isotopomeres},
  author = {Fantz, U. and W{\"u}nderlich, D.},
  year = {2006},
  month = nov,
  volume = {92},
  pages = {853--973},
  journal = {Atomic Data and Nuclear Data Tables},
  language = {en},
  number = {6}
}

@article{quesadaFranckCondonFactorsCounting2019,
  title = {Franck-{{Condon}} Factors by Counting Perfect Matchings of Graphs with Loops},
  author = {Quesada, Nicol{\'a}s},
  year = {2019},
  month = apr,
  volume = {150},
  pages = {164113},
  archivePrefix = {arXiv},
  eprint = {1811.09597},
  eprinttype = {arxiv},
  journal = {J. Chem. Phys.},
  keywords = {Physics - Chemical Physics,Quantum Physics},
  language = {en},
  number = {16}
}

@article{wrightFranckCondonFactorsTheir1999,
  title = {Franck-{{Condon Factors}} and {{Their Use}} in {{Undergraduate Quantum Mechanics}}},
  author = {Wright, John C. and Zielinski, Theresa Julia},
  year = {1999},
  month = oct,
  volume = {76},
  pages = {1367},
  publisher = {{American Chemical Society}},
  journal = {J. Chem. Educ.},
  number = {10}
}

@article{berkowitz1973comparison,
  title={Comparison of photoelectron intensities and Franck-Condon factors in the photoionization of H2, HD and D2},
  author={Berkowitz, J and Spohr, R},
  journal={Journal of Electron Spectroscopy and Related Phenomena},
  volume={2},
  number={2},
  pages={143--152},
  year={1973},
  publisher={Elsevier}
}

@article{doktorov1977dynamical,
  title={Dynamical symmetry of vibronic transitions in polyatomic molecules and the Franck-Condon principle},
  author={Doktorov, EV and Malkin, IA and Man'ko, VI},
  journal={Journal of Molecular Spectroscopy},
  volume={64},
  number={2},
  pages={302--326},
  year={1977},
  publisher={Elsevier}
}

@article{yang1995structure,
  title={The structure of Nb3O and Nb3O+ determined by pulsed field ionization--zero electron kinetic energy photoelectron spectroscopy and density functional theory},
  author={Yang, Dong-Sheng and Zgierski, Marek Z and Rayner, David M and Hackett, Peter A and Martinez, Ana and Salahub, Dennis R and Roy, Pierre-Nicholas and Carrington Jr, Tucker},
  journal={The Journal of chemical physics},
  volume={103},
  number={13},
  pages={5335--5342},
  year={1995},
  publisher={American Institute of Physics}
}

@article{jankowiak2007vibronic,
  title={Vibronic transitions in large molecular systems: Rigorous prescreening conditions for Franck-Condon factors},
  author={Jankowiak, H-C and Stuber, JL and Berger, R},
  journal={The Journal of chemical physics},
  volume={127},
  number={23},
  pages={234101},
  year={2007},
  publisher={American Institute of Physics}
}

@article{killoran2019strawberry,
  title={Strawberry fields: A software platform for photonic quantum computing},
  author={Killoran, Nathan and Izaac, Josh and Quesada, Nicol{\'a}s and Bergholm, Ville and Amy, Matthew and Weedbrook, Christian},
  journal={Quantum},
  volume={3},
  pages={129},
  year={2019},
  publisher={Verein zur F{\"o}rderung des Open Access Publizierens in den Quantenwissenschaften}
}

@article{bromley2020applications,
  title={Applications of near-term photonic quantum computers: Software and algorithms},
  author={Bromley, Thomas R and Arrazola, Juan Miguel and Jahangiri, Soran and Izaac, Josh and Quesada, Nicol{\'a}s and Gran, Alain Delgado and Schuld, Maria and Swinarton, Jeremy and Zabaneh, Zeid and Killoran, Nathan},
  journal={Quantum Science and Technology},
  volume={5},
  number={3},
  pages={034010},
  year={2020},
  publisher={IOP Publishing}
}

@article{harrow2017quantum,
  title={Quantum computational supremacy},
  author={Harrow, Aram W and Montanaro, Ashley},
  journal={Nature},
  volume={549},
  number={7671},
  pages={203--209},
  year={2017},
  publisher={Nature Publishing Group}
}

@article{huh2015boson,
  title={Boson sampling for molecular vibronic spectra},
  author={Huh, Joonsuk and Guerreschi, Gian Giacomo and Peropadre, Borja and McClean, Jarrod R and Aspuru-Guzik, Al{\'a}n},
  journal={Nature Photonics},
  volume={9},
  number={9},
  pages={615--620},
  year={2015},
  publisher={Nature Publishing Group}
}

@inproceedings{aaronson2011computational,
  title={The computational complexity of linear optics},
  author={Aaronson, Scott and Arkhipov, Alex},
  booktitle={Proceedings of the forty-third annual ACM symposium on Theory of computing},
  pages={333--342},
  year={2011}
}

